@article{cube_tet,
  title={On Common Unfolding of a Regular Tetrahedron and a Cube.},
  author={Shirakawa, Toshihiro and Horiyama, Takashi and Uehara, Ryuhei},
  booktitle={7th European Workshop on Computational Geometry (EuroCG 2011)},
  pages={47--50},
  year={2011}
}

@inproceedings{box2,
  title={Polygons folding to plural incongruent orthogonal boxes},
  author={Mitani, Jun and Uehara, Ryuhei},
  booktitle={Proc. CCCG},
  pages={31--34},
  year={2008}
}

@inproceedings{box2.5,
  title={Common developments of several different orthogonal boxes},
  author={Abel, Zachary and Demaine, Erik and Demaine, Martin and Matsui, Hiroaki and Rote, G{\"u}nter and Uehara, Ryuhei},
  booktitle={The 23rd Canadian Conference on Computational Geometry (CCCG'11)},
  year={2011}
}

@inproceedings{box3,
  title={Common Developments of Three Incongruent Orthogonal Boxes.},
  author={Shirakawa, Toshihiro and Uehara, Ryuhei},
  booktitle={International Journal of Computational Geometry and Applications, Vol. 23, No. 1},
  pages={65--71},
  year={2013},
  doi = {10.1142/S0218195913500040}
}

@inproceedings{jz,
  title={Common unfolding of regular Tetrahedron and {J}ohnson-{Z}algaller solid},
  author={Araki, Yoshiaki and Horiyama, Takashi and Uehara, Ryuhei},
  booktitle={Journal of Graph Algorithms and Applications, Vol.20, No.1},
  pages={101--114},
  year={2016},
  doi = {10.7155/jgaa.003861}
}

@inproceedings{common,
  title={Common Development of Prisms, Anti-Prisms, Tetrahedra, and Wedges},
  author={Biswas, Amartya Shankha and Demaine, Erik},
  booktitle={The 29rd Canadian Conference on Computational Geometry (CCCG'17)},
  year={2017}
}

@incollection{sparse,
  title={Implementing huge sparse random graphs},
  author={Naor, Moni and Nussboim, Asaf},
  booktitle={Approximation, Randomization, and Combinatorial Optimization. Algorithms and Techniques},
  pages={596--608},
  year={2007},
  publisher={Springer}
}

@inproceedings{huge_old,
  title={On the implementation of huge random objects},
  author={Goldreich, O and Goldwasser, S and Nussboim, A},
  booktitle={Foundations of Computer Science, 2003. Proceedings. 44th Annual IEEE Symposium on},
  pages={68--79},
  year={2003},
  organization={IEEE}
}

@inproceedings{reut,
  author    = {Guy Even and
               Reut Levi and
               Moti Medina and
               Adi Ros{\'{e}}n},
  title     = {Sublinear Random Access Generators for Preferential Attachment Graphs},
  booktitle = {44th International Colloquium on Automata, Languages, and Programming,
               {ICALP} 2017, July 10-14, 2017, Warsaw, Poland},
  pages     = {6:1--6:15},
  year      = {2017},
  url       = {https://doi.org/10.4230/LIPIcs.ICALP.2017.6},
  doi       = {10.4230/LIPIcs.ICALP.2017.6},
  timestamp = {Tue, 18 Jul 2017 10:55:27 +0200},
  biburl    = {http://dblp.uni-trier.de/rec/bib/conf/icalp/EvenLMR17},
  bibsource = {dblp computer science bibliography, http://dblp.org}
}

@article{huge,
  title={On the implementation of huge random objects},
  author={Goldreich, Oded and Goldwasser, Shafi and Nussboim, Asaf},
  journal={SIAM Journal on Computing},
  volume={39},
  number={7},
  pages={2761--2822},
  year={2010},
  publisher={SIAM}
}

@article{old_stars,
  author    = {Mira Gonen and
               Dana Ron and
               Yuval Shavitt},
  title     = {Counting Stars and Other Small Subgraphs in Sublinear-Time},
  journal   = {{SIAM} J. Discrete Math.},
  volume    = {25},
  number    = {3},
  pages     = {1365--1411},
  year      = {2011},
  url       = {https://doi.org/10.1137/100783066},
  doi       = {10.1137/100783066},
  timestamp = {Fri, 26 May 2017 22:54:48 +0200},
  biburl    = {http://dblp.org/rec/bib/journals/siamdm/GonenRS11},
  bibsource = {dblp computer science bibliography, http://dblp.org}
}

@Article{stars,
    author="Aliakbarpour, Maryam
    and Biswas, Amartya Shankha
    and Gouleakis, Themis
    and Peebles, John
    and Rubinfeld, Ronitt
    and Yodpinyanee, Anak",
    title="Sublinear-Time Algorithms for Counting Star Subgraphs via Edge Sampling",
    journal="Algorithmica",
    year="2017",
    month="Feb",
    day="10",
    issn="1432-0541",
    doi="10.1007/s00453-017-0287-3",
    url="https://doi.org/10.1007/s00453-017-0287-3"
}

